<?xml version="1.0" encoding="UTF-8"?><collection xmlns="http://www.loc.gov/MARC21/slim"><record><leader>00630nam--2200181-u-4500</leader><controlfield tag="001">000053593</controlfield><controlfield tag="002">20161230</controlfield><controlfield tag="005">20170105125822</controlfield><controlfield tag="008">110502s1000------------r-----000-0-fre-d</controlfield><datafield ind1=" " ind2=" " tag="040"><subfield code="a">IFIN-HH</subfield></datafield><datafield ind1=" " ind2=" " tag="041"><subfield code="a">fre</subfield></datafield><datafield ind1=" " ind2=" " tag="080"><subfield code="a">535.37</subfield></datafield><datafield ind1="1" ind2=" " tag="100"><subfield code="a">Constantin (Roman), Miruna</subfield></datafield><datafield ind1="1" ind2="0" tag="245"><subfield code="a">Etude spectroscopique des effets de stress thermique sur la membrane photosynthetique, relations avec les donnes eco-physicologique</subfield><subfield code="b">These</subfield><subfield code="c">Miruna Constantin (roman)</subfield></datafield><datafield ind1=" " ind2=" " tag="260"><subfield code="a">Paris-sud</subfield><subfield code="b">Universite Paris Xi Orsay</subfield><subfield code="c">2000</subfield></datafield><datafield ind1=" " ind2=" " tag="500"><subfield code="a">Directeur De These: J.-M. Ducruet; M.L. Pascu</subfield></datafield><datafield ind1=" " ind2=" " tag="852"><subfield code="a">81198</subfield><subfield code="c">535.37</subfield></datafield><datafield ind1=" " ind2=" " tag="CAT"><subfield code="a">SYS</subfield><subfield code="c">20170105</subfield><subfield code="h">125822</subfield></datafield></record></collection>